@inproceedings{cabral1999reflection,
  title={Reflection space image based rendering},
  author={Cabral, Brian and Olano, Marc and Nemec, Philip},
  booktitle={Proceedings of the 26th annual conference on Computer graphics and interactive techniques},
  pages={165--170},
  year={1999},
  organization={ACM Press/Addison-Wesley Publishing Co.}
}

